<record><leader>00000cas a2200000 a 4500</leader><controlfield tag="001">10699164</controlfield><controlfield tag="008">840507d186119uuctuwr ne      0    0eng c</controlfield><datafield ind1=" " ind2=" " tag="010"><subfield code="a">sn 84023015 </subfield></datafield><datafield ind1=" " ind2=" " tag="040"><subfield code="a">AQM</subfield><subfield code="b">eng</subfield><subfield code="c">AQM</subfield><subfield code="d">NPX</subfield><subfield code="d">NPU</subfield><subfield code="d">NPY</subfield><subfield code="d">CNW</subfield><subfield code="d">OCL</subfield><subfield code="d">CVF</subfield><subfield code="d">OCLCQ</subfield><subfield code="d">OCLCF</subfield><subfield code="d">OCLCO</subfield><subfield code="d">DLC</subfield></datafield><datafield ind1=" " ind2=" " tag="042"><subfield code="a">pcc</subfield></datafield><datafield ind1=" " ind2=" " tag="043"><subfield code="a">n-us-ct</subfield></datafield><datafield ind1="0" ind2="0" tag="245"><subfield code="a">Connecticut herald and weekly journal.</subfield></datafield><datafield ind1="3" ind2="0" tag="246"><subfield code="a">Connecticut herald-weekly journal</subfield></datafield><datafield ind1=" " ind2=" " tag="260"><subfield code="a">New Haven, Conn. :</subfield><subfield code="b">Carrington &amp; Hotchkiss</subfield></datafield><datafield ind1=" " ind2=" " tag="300"><subfield code="a">v. ;</subfield><subfield code="c">76 cm.</subfield></datafield><datafield ind1=" " ind2=" " tag="310"><subfield code="a">Weekly</subfield></datafield><datafield ind1="1" ind2=" " tag="362"><subfield code="a">Began in 1861.</subfield></datafield><datafield ind1=" " ind2=" " tag="500"><subfield code="a">Published as: Connecticut herald-weekly journal, June 23, 1894-&lt;Jan. 3, 1907&gt;.</subfield></datafield><datafield ind1=" " ind2=" " tag="500"><subfield code="a">"And" appears in title ornament, 1861-&lt;June 16, 1894&gt;.</subfield></datafield><datafield ind1=" " ind2=" " tag="500"><subfield code="a">Publishers: Carrington &amp; Co., &lt;1875-1876&gt;.</subfield></datafield><datafield ind1=" " ind2=" " tag="515"><subfield code="a">1867 numbered v. 44.</subfield></datafield><datafield ind1=" " ind2=" " tag="580"><subfield code="a">Daily eds.: Morning journal and courier, 1861-June 23, 1894, and: Daily morning journal and courier, June 25, 1894-Dec. 14, 1907, and: Morning journal-courier (New Haven, Conn.), Dec. 16, 1907-19.</subfield></datafield><datafield ind1=" " ind2=" " tag="588"><subfield code="a">Description based on: Vol. 58, no. 17 (Apr. 27, 1861).</subfield></datafield><datafield ind1=" " ind2="0" tag="651"><subfield code="a">New Haven (Conn.)</subfield><subfield code="v">Newspapers.</subfield></datafield><datafield ind1=" " ind2="7" tag="651"><subfield code="a">Connecticut</subfield><subfield code="z">New Haven.</subfield><subfield code="2">fast</subfield><subfield code="0">(OCoLC)fst01206280</subfield></datafield><datafield ind1=" " ind2="7" tag="655"><subfield code="a">Newspapers.</subfield><subfield code="2">fast</subfield><subfield code="0">(OCoLC)fst01423814</subfield></datafield><datafield ind1=" " ind2=" " tag="752"><subfield code="a">United States</subfield><subfield code="b">Connecticut</subfield><subfield code="c">New Haven</subfield><subfield code="d">New Haven.</subfield></datafield><datafield ind1="1" ind2=" " tag="775"><subfield code="t">Morning journal and courier</subfield><subfield code="w">(DLC)sn 82015483</subfield><subfield code="w">(OCoLC)8817820</subfield></datafield><datafield ind1="1" ind2=" " tag="775"><subfield code="t">Daily morning journal and courier</subfield><subfield code="x">2474-218X</subfield><subfield code="w">(DLC)sn 84020358</subfield><subfield code="w">(OCoLC)10667903</subfield></datafield><datafield ind1="1" ind2=" " tag="775"><subfield code="t">Morning journal-courier (New Haven, Conn.)</subfield><subfield code="x">2476-0773</subfield><subfield code="w">(DLC)sn 92051397</subfield><subfield code="w">(OCoLC)26662231</subfield></datafield><datafield ind1="0" ind2="0" tag="780"><subfield code="t">Connecticut journal and herald, and weekly courier</subfield><subfield code="w">(DLC)sn 84023014</subfield><subfield code="w">(OCoLC)10699116</subfield></datafield></record>